<record><leader>00000cas a2200000 a 4500</leader><controlfield tag="001">9288474</controlfield><controlfield tag="007">hd afb020baua</controlfield><controlfield tag="008">830307d19371945dcudn n a     0   a0eng c</controlfield><datafield ind1=" " ind2=" " tag="010"><subfield code="a">sc 83001400 </subfield></datafield><datafield ind1=" " ind2=" " tag="040"><subfield code="a">HUL</subfield><subfield code="b">eng</subfield><subfield code="c">HUL</subfield><subfield code="d">DLC</subfield><subfield code="d">WAU</subfield><subfield code="d">OCLCQ</subfield></datafield><datafield ind1=" " ind2=" " tag="012"><subfield code="a">2</subfield></datafield><datafield ind1=" " ind2=" " tag="042"><subfield code="a">pcc</subfield></datafield><datafield ind1="0" ind2="4" tag="245"><subfield code="a">The Peking chronicle</subfield><subfield code="h">[microform] =</subfield><subfield code="b">Ying wen Pei-ching shih shih jih pao.</subfield></datafield><datafield ind1="3" ind2="0" tag="246"><subfield code="a">Pei-ching shih shih jih pao</subfield></datafield><datafield ind1="3" ind2="1" tag="246"><subfield code="a">Ying wen Pei-ching shih shih jih pao</subfield></datafield><datafield ind1=" " ind2=" " tag="260"><subfield code="a">Peiking :</subfield><subfield code="b">The Chronicle</subfield></datafield><datafield ind1=" " ind2=" " tag="300"><subfield code="a">v. :</subfield><subfield code="b">ill.</subfield></datafield><datafield ind1=" " ind2=" " tag="310"><subfield code="a">Daily (except days following holidays)</subfield></datafield><datafield ind1="1" ind2=" " tag="362"><subfield code="a">Began in 1937 and ceased in 1945.</subfield></datafield><datafield ind1=" " ind2=" " tag="533"><subfield code="a">Microfilm.</subfield><subfield code="b">Washington, D.C. :</subfield><subfield code="c">Center for Chinese Research Materials, Association of Research Libraries,</subfield><subfield code="d">1982.</subfield><subfield code="e">3 microfilm reels ; 35 mm.</subfield></datafield><datafield ind1="0" ind2="0" tag="780"><subfield code="t">Leader (Beijing, China)</subfield><subfield code="w">(OCoLC)8921199</subfield></datafield><datafield ind1=" " ind2=" " tag="850"><subfield code="a">MH-HY</subfield></datafield></record>